@inproceedings{schreck2012geometric,
  title={Geometric Construction Problem Solving in Computer-Aided Learning},
  author={Schreck, Pascal and Mathis, Pascal and Narboux, Julien},
  booktitle={Tools with Artificial Intelligence (ICTAI), 2012 IEEE 24th International Conference on},
  volume={1},
  pages={1139--1144},
  year={2012},
  organization={IEEE}
}

@inproceedings{gulwani2011synthesizing,
  title={Synthesizing geometry constructions},
  author={Gulwani, Sumit and Korthikanti, Vijay Anand and Tiwari, Ashish},
  booktitle={ACM SIGPLAN Notices},
  volume={46},
  number={6},
  pages={50--61},
  year={2011},
  organization={ACM}
}

@incollection{ahmed2012can,
  title={Can modern statistical parsers lead to better natural language understanding for education?},
  author={Ahmed, Umair Z and Kumar, Arpit and Choudhury, Monojit and Bali, Kalika},
  booktitle={Computational Linguistics and Intelligent Text Processing},
  pages={415--427},
  year={2012},
  publisher={Springer}
}

@techreport{itzhaky2012solving,
  title={Solving geometry problems using a combination of symbolic and numerical reasoning},
  author={Itzhaky, Shachar and Gulwani, Sumit and Immerman, Neil and Sagiv, Mooly},
  year={2012},
  institution={Technical report, Tel Aviv University}
}

@inproceedings{cheema2012quickdraw,
  title={Quickdraw: improving drawing experience for geometric diagrams},
  author={Cheema, Salman and Gulwani, Sumit and LaViola, Joseph},
  booktitle={Proceedings of the 2012 ACM annual conference on Human Factors in Computing Systems},
  pages={1037--1064},
  year={2012},
  organization={ACM}
}

@article{zettlemoyer2012learning,
  title={Learning to map sentences to logical form: Structured classification with probabilistic categorial grammars},
  author={Zettlemoyer, Luke S and Collins, Michael},
  journal={arXiv preprint arXiv:1207.1420},
  year={2012}
}
